<?xml version="1.0" encoding="UTF-8"?><record xmlns="http://www.loc.gov/MARC21/slim" xmlns:cinclude="http://apache.org/cocoon/include/1.0" xmlns:zs="http://www.loc.gov/zing/srw/">
  <leader>00410nz  a2200133n  4500</leader>
  <controlfield tag="001">no2008001303</controlfield>
  <controlfield tag="003">DLC</controlfield>
  <controlfield tag="005">20080106075119.0</controlfield>
  <controlfield tag="008">080104n| acannaabn          |n aaa     c</controlfield>
  <datafield tag="010" ind1=" " ind2=" ">
    <subfield code="a">no2008001303</subfield>
  </datafield>
  <datafield tag="035" ind1=" " ind2=" ">
    <subfield code="a">(OCoLC)oca07619225</subfield>
  </datafield>
  <datafield tag="040" ind1=" " ind2=" ">
    <subfield code="a">IeDuTC</subfield>
    <subfield code="b">eng</subfield>
    <subfield code="c">IeDuTC</subfield>
  </datafield>
  <datafield tag="100" ind1="1" ind2=" ">
    <subfield code="a">Daniek, Michel,</subfield>
    <subfield code="d">1964-</subfield>
  </datafield>
  <datafield tag="670" ind1=" " ind2=" ">
    <subfield code="a">His Do it yourself 12 volt solar power, 2007 :</subfield>
    <subfield code="b">t.p. (Michel Daniek) p.5 ( born 1964 in Giessen, Germany)</subfield>
  </datafield>
</record>